<record><leader>02353cam a2200409 i 4500</leader><controlfield tag="001">6813096</controlfield><controlfield tag="003">CaPaEBR</controlfield><controlfield tag="005">20150127120537.0</controlfield><controlfield tag="006">m    eo  d        </controlfield><controlfield tag="007">cr cn |||m|||a</controlfield><controlfield tag="008">150127s2015    nyu    foab   001 0 eng d</controlfield><datafield ind1=" " ind2=" " tag="020"><subfield code="a">9781631572098</subfield><subfield code="q">e-book</subfield></datafield><datafield ind1=" " ind2=" " tag="035"><subfield code="a">ocn900878657</subfield></datafield><datafield ind1=" " ind2=" " tag="039"><subfield code="a">exclude</subfield></datafield><datafield ind1=" " ind2=" " tag="040"><subfield code="a">CaBNVSL</subfield><subfield code="b">eng</subfield><subfield code="e">rda</subfield><subfield code="c">CaBNVSL</subfield><subfield code="d">CaBNVSL</subfield><subfield code="d">AEU</subfield></datafield><datafield ind1=" " ind2="4" tag="050"><subfield code="a">HF5548.32</subfield><subfield code="b">.R233 2015</subfield></datafield><datafield ind1="0" ind2="4" tag="082"><subfield code="a">658.84</subfield><subfield code="2">23</subfield></datafield><datafield ind1=" " ind2=" " tag="090"><subfield code="a">Internet Access</subfield><subfield code="b">AEU</subfield></datafield><datafield ind1="1" ind2=" " tag="100"><subfield code="a">Radovilsky, Zinovy.,</subfield><subfield code="e">author.</subfield></datafield><datafield ind1="1" ind2="0" tag="245"><subfield code="a">Application models for e-commerce /</subfield><subfield code="c">Zinovy Radovilsky.</subfield></datafield><datafield ind1=" " ind2="1" tag="264"><subfield code="a">New York, New York (222 East 46th Street, New York, NY 10017) :</subfield><subfield code="b">Business Expert Press,</subfield><subfield code="c">2015.</subfield></datafield><datafield ind1=" " ind2=" " tag="300"><subfield code="a">1 online resource (vi, 107 pages)</subfield></datafield><datafield ind1=" " ind2=" " tag="336"><subfield code="a">text</subfield><subfield code="b">txt</subfield><subfield code="2">rdacontent</subfield></datafield><datafield ind1=" " ind2=" " tag="337"><subfield code="a">computer</subfield><subfield code="b">c</subfield><subfield code="2">rdamedia</subfield></datafield><datafield ind1=" " ind2=" " tag="338"><subfield code="a">online resource</subfield><subfield code="b">cr</subfield><subfield code="2">rdacarrier</subfield></datafield><datafield ind1="1" ind2=" " tag="490"><subfield code="a">Supply and operations management collection,</subfield><subfield code="x">2156-8200</subfield></datafield><datafield ind1=" " ind2=" " tag="504"><subfield code="a">Includes bibliographical references and index.</subfield></datafield><datafield ind1="0" ind2=" " tag="505"><subfield code="a">What is e-commerce? -- Mobile applications -- Electronic payment applications -- Electronic services applications.</subfield></datafield><datafield ind1=" " ind2=" " tag="506"><subfield code="a">Access restricted to authorized users and institutions.</subfield></datafield><datafield ind1="3" ind2=" " tag="520"><subfield code="a">E-commerce is mushrooming in both business-to-business and business-to- consumer sectors. It shakes the foundation of most industries, leads to entirely new kinds of businesses, and directly affects both our careers and the way we live. One of the most significant changes is the manner in which companies conduct business. Specifically, how they manage their resources, connect and communicate with customers, and negotiate and outsource from suppliers. Provides a detailed description and analysis of e-commerce business models, including their components, classification, and performance results. This book also presents managerial aspects of various up-to-date e-commerce models.</subfield></datafield><datafield ind1=" " ind2=" " tag="588"><subfield code="a">Title from PDF title page (viewed on January 27, 2015).</subfield></datafield><datafield ind1=" " ind2=" " tag="596"><subfield code="a">44</subfield></datafield><datafield ind1=" " ind2="0" tag="650"><subfield code="a">Electronic commerce.</subfield></datafield><datafield ind1=" " ind2="0" tag="830"><subfield code="a">Supply and operations management collection.</subfield><subfield code="x">2156-8200</subfield></datafield><datafield ind1="4" ind2="0" tag="856"><subfield code="3">University of Alberta Access</subfield><subfield code="u">http://site.ebrary.com/lib/ualbertagep/Doc?id=11007928</subfield></datafield><datafield ind1=" " ind2=" " tag="949"><subfield code="h">UAIN</subfield><subfield code="z">EBRARYBEP</subfield></datafield><datafield ind1=" " ind2=" " tag="926"><subfield code="a">Internet Access</subfield><subfield code="w">LC</subfield><subfield code="c">1</subfield><subfield code="i">6813096-1001</subfield><subfield code="l">INTERNET</subfield><subfield code="m">UAINTERNET</subfield><subfield code="r">Y</subfield><subfield code="s">Y</subfield><subfield code="t">E-RESOURCE</subfield><subfield code="u">2/27/2015</subfield><subfield code="x">E-BOOK</subfield><subfield code="z">EBRARYBEP</subfield></datafield></record>